<?xml version="1.0" encoding="UTF-8"?><collection xmlns="http://www.loc.gov/MARC21/slim"><record><leader>00344nam--2200121-i-4500</leader><controlfield tag="001">000016255</controlfield><controlfield tag="002">20161230</controlfield><controlfield tag="005">20161230201031</controlfield><controlfield tag="008">060222s1000------------r-----000-0-eng-d</controlfield><datafield ind1=" " ind2=" " tag="100"><subfield code="a">Siffert,Pascal</subfield></datafield><datafield ind1=" " ind2=" " tag="245"><subfield code="a">Contribution a l etude d un oscillateur a quartz de tres haute frequence.these</subfield></datafield><datafield ind1=" " ind2=" " tag="260"><subfield code="a">Besanson,Universite,1974. 52 P</subfield></datafield><datafield ind1=" " ind2=" " tag="852"><subfield code="a">78014</subfield></datafield></record></collection>